<marc:record xmlns:marc="http://www.loc.gov/MARC21/slim" xmlns:xsi="http://www.w3.org/2001/XMLSchema-instance" xsi:schemaLocation="http://www.loc.gov/MARC21/slim http://www.loc.gov/standards/marcxml/schema/MARC21slim.xsd">
  <marc:leader>     cam a2200337 a 45M</marc:leader>
  <marc:controlfield tag="001">001858324</marc:controlfield>
  <marc:controlfield tag="003">NNU</marc:controlfield>
  <marc:controlfield tag="005">20061010172151.0</marc:controlfield>
  <marc:controlfield tag="008">900605m19481952ua       b    000 0 ara d</marc:controlfield>
  <marc:datafield tag="035" ind1="9" ind2=" ">
    <marc:subfield code="a">NYUb10796361</marc:subfield>
  </marc:datafield>
  <marc:datafield tag="035" ind1=" " ind2=" ">
    <marc:subfield code="a">(CStRLIN)NYUG90-B23784</marc:subfield>
  </marc:datafield>
  <marc:datafield tag="041" ind1="1" ind2=" ">
    <marc:subfield code="a">ara</marc:subfield>
    <marc:subfield code="h">grc</marc:subfield>
  </marc:datafield>
  <marc:datafield tag="066" ind1=" " ind2=" ">
    <marc:subfield code="c">(3</marc:subfield>
  </marc:datafield>
  <marc:datafield tag="090" ind1=" " ind2=" ">
    <marc:subfield code="a">B491.L8</marc:subfield>
    <marc:subfield code="b">A85</marc:subfield>
  </marc:datafield>
  <marc:datafield tag="100" ind1="0" ind2=" ">
    <marc:subfield code="6">01</marc:subfield>
    <marc:subfield code="a">Aristotle.</marc:subfield>
  </marc:datafield>
  <marc:datafield tag="100" ind1="0" ind2=" ">
    <marc:subfield code="6">01</marc:subfield>
    <marc:subfield code="a">ارسطو.</marc:subfield>
  </marc:datafield>
  <marc:datafield tag="240" ind1="1" ind2="0">
    <marc:subfield code="a">Organon.</marc:subfield>
    <marc:subfield code="l">Arabic</marc:subfield>
  </marc:datafield>
  <marc:datafield tag="245" ind1="1" ind2="0">
    <marc:subfield code="6">02</marc:subfield>
    <marc:subfield code="a">Manṭiq Arisṭū /</marc:subfield>
    <marc:subfield code="c">ḥaqqaqa wa-qaddama lahu ʻAbd al-Raḥmān Badawī.</marc:subfield>
  </marc:datafield>
  <marc:datafield tag="245" ind1="1" ind2="0">
    <marc:subfield code="6">02</marc:subfield>
    <marc:subfield code="a">منطق ارسطو /</marc:subfield>
    <marc:subfield code="c">حققه وقدم له عبدالرحمن بدوي.</marc:subfield>
  </marc:datafield>
  <marc:datafield tag="260" ind1=" " ind2=" ">
    <marc:subfield code="6">03</marc:subfield>
    <marc:subfield code="a">al-Qāhirah :</marc:subfield>
    <marc:subfield code="b">Dār al-Kutub al-Miṣrīyah,</marc:subfield>
    <marc:subfield code="c">1948-1952.</marc:subfield>
  </marc:datafield>
  <marc:datafield tag="260" ind1=" " ind2=" ">
    <marc:subfield code="6">03</marc:subfield>
    <marc:subfield code="a">القاهره :</marc:subfield>
    <marc:subfield code="b">دار الكتب المصرية،</marc:subfield>
    <marc:subfield code="c">١٩٤٨-١٩٥٢</marc:subfield>
  </marc:datafield>
  <marc:datafield tag="300" ind1=" " ind2=" ">
    <marc:subfield code="a">3 v. ;</marc:subfield>
    <marc:subfield code="c">24 cm.</marc:subfield>
  </marc:datafield>
  <marc:datafield tag="490" ind1="1" ind2=" ">
    <marc:subfield code="6">04</marc:subfield>
    <marc:subfield code="a">Dirāsāt Islāmīyah ;</marc:subfield>
    <marc:subfield code="v">7</marc:subfield>
  </marc:datafield>
  <marc:datafield tag="490" ind1="1" ind2=" ">
    <marc:subfield code="6">04</marc:subfield>
    <marc:subfield code="a">دراسات اسلامية ؛</marc:subfield>
    <marc:subfield code="v">٧</marc:subfield>
  </marc:datafield>
  <marc:datafield tag="500" ind1=" " ind2=" ">
    <marc:subfield code="a">Title on p. [4] of cover: Organon Aristotelis.</marc:subfield>
  </marc:datafield>
  <marc:datafield tag="520" ind1=" " ind2=" ">
    <marc:subfield code="a">Includes bibliographical references.</marc:subfield>
  </marc:datafield>
  <marc:datafield tag="650" ind1=" " ind2="0">
    <marc:subfield code="a">Logic</marc:subfield>
    <marc:subfield code="v">Early works to 1800.</marc:subfield>
  </marc:datafield>
  <marc:datafield tag="700" ind1="1" ind2=" ">
    <marc:subfield code="a">Badawī, ʻAbd al-Raḥmān</marc:subfield>
    <marc:subfield code="6">05</marc:subfield>
  </marc:datafield>
  <marc:datafield tag="740" ind1="0" ind2=" ">
    <marc:subfield code="a">Organon Aristotelis.</marc:subfield>
  </marc:datafield>
  <marc:datafield tag="700" ind1="1" ind2=" ">
    <marc:subfield code="6">05</marc:subfield>
    <marc:subfield code="a">بدوي، عبدالرحمن.</marc:subfield>
  </marc:datafield>
  <marc:datafield tag="800" ind1="1" ind2=" ">
    <marc:subfield code="a">Badawī, ʻAbd al-Raḥmān.</marc:subfield>
    <marc:subfield code="t">Dirāsāt Islāmīyah ;</marc:subfield>
    <marc:subfield code="v">7.</marc:subfield>
  </marc:datafield>
  <marc:datafield tag="998" ind1=" " ind2=" ">
    <marc:subfield code="a">20001012</marc:subfield>
    <marc:subfield code="d">19900605</marc:subfield>
    <marc:subfield code="d">20021006</marc:subfield>
    <marc:subfield code="n">NNU</marc:subfield>
    <marc:subfield code="s">1</marc:subfield>
    <marc:subfield code="t">c</marc:subfield>
    <marc:subfield code="z">p</marc:subfield>
  </marc:datafield>
</marc:record>
